 @misc{ wiki:xxx,
   author = "Rosetta Code",
   title = "Ray-casting algorithm --- Rosetta Code{,} ",
   year = "2023",
   url = "https://rosettacode.org/wiki/Ray-casting_algorithm?oldid=115304",
   note = "[Online; accessed 18-January-2024]"
 }